@inproceedings{trivedi2017know,
    title={Know-evolve: Deep temporal reasoning for dynamic knowledge graphs},
    author={Trivedi, Rakshit and Dai, Hanjun and Wang, Yichen and Song, Le},
    booktitle={international conference on machine learning},
    pages={3462--3471},
    year={2017},
    organization={PMLR}
}

@article{han2020dyernie,
  title={Dyernie: Dynamic evolution of riemannian manifold embeddings for temporal knowledge graph completion},
  author={Han, Zhen and Ma, Yunpu and Chen, Peng and Tresp, Volker},
  journal={arXiv preprint arXiv:2011.03984},
  year={2020}
}
